@phdthesis{Longo2014,
   author =   "Longo, Luca",
   title =   "Formalising Human Mental Workload as a Defeasible Computational Concept", 
   school =   "Trinity College Dublin",
    year     = "2014"
}

@inproceedings{Longo2016,
author={Longo, Luca},
booktitle={2016 IEEE 29th International Symposium on Computer-Based Medical Systems (CBMS)},
title={Mental Workload in Medicine: Foundations, Applications, Open Problems, Challenges and Future Perspectives},
year={2016},
pages={106-111},
keywords={Anesthesia;Biomedical monitoring;Ergonomics;Measurement techniques;Monitoring;Phase measurement;Physiology;Healt-care;Medicine;Mental workload;critical systems;safety;system design},
doi={10.1109/CBMS.2016.36},
month={June}
}

@article{Longo2015a,

  author    = {Longo, Luca},
  title     = {A defeasible reasoning framework for human mental workload representation and assessment},
  journal   = {Behaviour and Information Technology},
  volume    = {34},
  number    = {8},
  pages     = {758--786},
  year      = {2015}
}

@incollection{Longo2011c,
  author    = {Dondio, Pierpaolo and Longo, Luca},
  title     = {Trust-Based Techniques for Collective Intelligence in Social Search Systems},
  booktitle = {Next Generation Data Technologies for Collective Computational Intelligence},
  pages     = {113--135},
  year      = {2011},
  publisher = {Springer}
}